<record><leader>00000cas a22000007a 4500</leader><controlfield tag="001">11249471</controlfield><controlfield tag="008">841010d18731880nyudn ne      0    0eng d</controlfield><datafield ind1=" " ind2=" " tag="010"><subfield code="a">sn 84031836 </subfield></datafield><datafield ind1=" " ind2=" " tag="040"><subfield code="a">NYG</subfield><subfield code="b">eng</subfield><subfield code="c">NYG</subfield><subfield code="d">NPX</subfield><subfield code="d">NYS</subfield><subfield code="d">NYG</subfield><subfield code="d">NYS</subfield><subfield code="d">OCLCQ</subfield></datafield><datafield ind1=" " ind2=" " tag="042"><subfield code="a">msc</subfield></datafield><datafield ind1="0" ind2="4" tag="245"><subfield code="a">The Troy morning Whig.</subfield></datafield><datafield ind1=" " ind2=" " tag="260"><subfield code="a">Troy, N.Y. :</subfield><subfield code="b">Troy Whig Pub. Co.,</subfield><subfield code="c">1873-1880.</subfield></datafield><datafield ind1=" " ind2=" " tag="300"><subfield code="a">v. :</subfield><subfield code="b">ill. ;</subfield><subfield code="c">66 cm.</subfield></datafield><datafield ind1=" " ind2=" " tag="310"><subfield code="a">Daily (except Sunday)</subfield></datafield><datafield ind1="0" ind2=" " tag="362"><subfield code="a">Vol. 41, no. 85 (Oct. 27, 1873)-v. 47, no. 4 (Aug. 28, 1880).</subfield></datafield><datafield ind1=" " ind2="4" tag="651"><subfield code="a">Troy (N.Y.)</subfield><subfield code="v">Newspapers.</subfield></datafield><datafield ind1=" " ind2=" " tag="752"><subfield code="a">United States</subfield><subfield code="b">New York</subfield><subfield code="c">Rensselaer</subfield><subfield code="d">Troy.</subfield></datafield><datafield ind1="0" ind2=" " tag="775"><subfield code="t">Troy weekly Whig</subfield><subfield code="w">(DLC)sn 85026775</subfield></datafield><datafield ind1="0" ind2="0" tag="780"><subfield code="t">Troy daily Whig</subfield><subfield code="w">(DLC)sn 83031810</subfield></datafield><datafield ind1="0" ind2="0" tag="785"><subfield code="t">Troy morning telegram and Whig</subfield><subfield code="w">(DLC)sn 84035914</subfield></datafield><datafield ind1="1" ind2=" " tag="029"><subfield code="a">AU@</subfield><subfield code="b">000024688632</subfield></datafield></record>